Record 1
LDR  00898dz   2200229n  4500
001  n  00000039 
003  DLC
005  20020619180900.0
008  000113n| acaaaaaan          |a ana      
010       $a n  00000039 
040       $a DLC $b eng $c DLC
130   0   $a Publikationsreihe der Museen der Mobiliendepots
430   0   $a Publikationsreihe der M MD
642       $a Bd. 1 $5 DPCC $5 DLC
643       $a Hamburg $b Dèolling und Galitz $d Bd. 4
643       $a Wien $b Bèohlau $d Bd. 1-
644       $a f $5 DLC
645       $a t $5 DPCC $5 DLC
646       $a s $5 DLC
667       $a Publisher varies: Wien, Bèohlau; Hamburg, Dèolling und Galitz; and Wien, Brandstèatter. Per Deut. Bibl. online)
670       $a Ehemalige Hofsilber & Tafelkammer, c1996: $b ser. t.p. (Eine Publikationsreihe M MD/der Museen des Mobiliendepots; appears at the foot of t.p. in two lines) colophon (Publikation der Museen des Mobiliendepots)
699       $a Has 430. Select.

Record 2
