LDR  01064cz   2200229n  4500
001  n  00000040 
003  DLC
005  20020619180900.0
008  000113n| acannaabn          |a ana      
010       $a n  00000040  $z n 2001009816
040       $a DLC $b eng $c DLC $d DLC
110  2    $a Museen des Mobiliendepots (Vienna, Austria)
410  2    $a Museen des Mobiliendepot (Vienna, Austria)
410  2    $a Museen des Mobiliendepots Hofsilver- und Tafelkammer (Vienna, Austria)
410  2    $a M MD
410  2    $a Museum Kaiserliches Hofmobiliendepot (Vienna, Austria)
670       $a Tafeln bei Hofe, 1998: $b t.p. (Museen des Mobiliendepots; M MD)
670       $a Int'l dir. of arts, 1997/98: $b v. 1, p. 31 (Museen des Mobiliendepot, Wien ehem. KK. Hofmobiliendepot [no publs. in LC database])
670       $a Museum@online, Jan. 13, 2000 $b (Museen des Mobiliendepots: Hofsilber- und Tafelkammer)
670       $a WebMuseen, Jan. 13, 2000 $b (Museen des Mobiliendepots Hofsilver- und Tafelkammer)
670       $a Inventarisiert, 2000: $b p. 6 (Museum Kaiserliches Hofmobiliendepot)
699       $a Has 410. Select.

Record 3
