LDR  00448cz   2200145n  4500
001  n  00000420 
003  DLC
005  20020619180900.0
008  000112n| acannaabn          |a aaa      
010       $a n  00000420 
040       $a DLC $b eng $c DLC $d DLC
100  1    $a Seix, Victáoria. $t Disfruta con papel machâe. $l English
400  1    $a Seix, Victáoria. $t Creating with papier mãachâe
670       $a Seix, Victáoria. Creating with papier mãachâe, 2000.
699       $a Has 400. Select.

Record 4
