LDR  00797cz   2200157n  4500
001  n  00000677 
003  DLC
005  20020619180900.0
008  000104n| acannaabn          |n aaa      
010       $a n  00000677 
040       $a DLC $b eng $c DLC $d DLC
100  1    $a Weaver, Donald F., $d 1957-
670       $a High performance computing systems and applications, 2000: $b CIP t.p. (Donald F. Weaver, Dept. of Chem., Queen's U., Kingston, Ontario, Can) data sheet (b. Jul. 12, 1957)
670       $a Epilepsy and seizures ... 2001: $b p. [4] of cover (Dr. Donald Weaver is Professor of Neurology and Professor of Chemistry at Queen's University, in Kingston, Ontario, and is director of the University's Epilepsy Clinic)
670       $a Amicus, April 16, 2002 $b (Weaver, Donald Frederic, 1957-)
699       $a No 4xx, none of the 66x's. Skip

Record 5
