LDR  00590cz   2200193n  4500
001  n  00000730 
003  DLC
005  20020619180900.0
008  000103n| acaabaaan          |a ana      
010       $a n  00000730 
040       $a DLC $b eng $c DLC $d DLC
130   0   $a Scholastic placebook
643       $a New York $b Scholastic
644       $a f $5 DLC
645       $a t $5 DPCC $5 DLC
646       $a s $5 DLC
663       $a 663 field.
670       $a Canizares, Susan. Supermarket, c2002: $b p. 4 of cover (Scholastic PlaceBook [Scholastic is in tiny print with PlaceBook appearing to be more the title])
699       $a Has 663. Select.

Record 6
