LDR  00654cz   2200157n  4500
001  n  00005427 
003  DLC
005  20020619180900.0
008  000815n| acannaabn          |a aaa      
010       $a n  00005427 
040       $a DLC $b eng $c DLC $d DLC
100  1    $a Vogel, Hans J.
664       $a 664 field.
670       $a Calcium-binding protein protocols, v. 2, 2001: $b t.p. (Hans J. Vogel) p. 73 (Vogel, H.J.)
670       $a Univ. of Calgary website via WWW, Feb. 12, 2002: $b (B.Sc. Chemistry, Univ. of Groningen, 1974; M.Sc. Biochemistry, Univ. of Groningen, 1978; Ph.D. Biochemistry, Univ. of Alberta, 1981; Hans Jan Vogel; "real" name: Harm Jan Vogel)
699       $a Has 664. Select.

Record 7
