LDR  00491cz   2200157n  4500
001  n  00005538 
003  DLC
005  20020619180900.0
008  000808n| acannaabn          |a aaa      
010       $a n  00005538  $z n  91082573 
035       $a (OCoLC)oca05285092
040       $a DLC $b eng $c DLC $d TNJ $d DLC $d StEdNL
100  1    $a Malam, John, $d 1957-
500  1    $a Phillips, Jo, $d 1957-
670       $a Malam, John. Florence Nightingale, 2001: $b CIP t.p. (John Malam) data sheet (b. Feb. 23, 1957)
699       $a Has 500. Select.

Record 8
