LDR  00577cz   2200157n  4500
001  n  00008089 
003  DLC
005  20020619180900.0
008  001026n| acannaabn          |a aaa      
010       $a n  00008089 
040       $a DLC $b eng $c DLC $d DLC
100  1    $a Timothy, Dallen J.
665       $a 665 field.
670       $a Tourism and political boundaries, 2001: $b CIP t.p. (Dallen J. Timothy) data sheet (b. November 10, 1966)
670       $a Tourism in destination communities, 2002: $b CIP t.p. (D.J. Timothy; Dept. Recreation, Management & Tourism, Arizona State Univ., USA)
699       $a Has 665. Select.

Record 9
