LDR  00401cz   2200145n  4500
001  n  00022982 
003  DLC
005  20020619180900.0
008  000223n| acannaabn          |a aaa      
010       $a n  00022982 
040       $a DLC $b eng $c DLC $d DLC
100  1    $a Tudoran, Dorin. $t Poems. $l English & Romanian. $k Selections
666  1    $a 666 field.
670       $a Tudoran, Dorin. Optional future, 1999.
699       $a Has 666. Select.

Record 10
