LDR  00470cz   2200145n  4500
001  n  00023159 
003  DLC
005  20020619180900.0
008  000128n| acannaabn          |n aaa      
010       $a n  00023159 
040       $a DLC $b eng $c DLC $d DLC
053   0   $a PT2671.A817
100  1    $a Kastner, Jèorg, $d 1962-
550       $a Kastner, Jèorg. Im Schatten von Notre-Dame, c1999: $b t.p. (Jèorg Kastner) jkt. (b. 1962 in Minden an der Weser; freelance writer in Hannover)
699       $a Has 550. Select.

Record 11
