LDR  00404dz   2200133n  4500
001  n  00026610 
003  DLC
005  20020619180900.0
008  000817n| acannaabn          |n aaa      
010       $a n  00026610 
040       $a DLC $b eng $c DLC
100  1    $a Peitsch, Helmut, $d 1948-
670       $a Peitsch, Helmut. Georg Forster, c2001: $b CIP t.p. (Helmut Peitsch) data sheet (4/29/1948)
699       $a No required fields. Do not select.

